34100000         2082615450001634352846904509868554007352100000000486851SyLabs                        Banco SA                                10909201815141700000110306250                                                                     
34100011C2303046 2082615450001634352846904509868554007352100000000486851SyLabs                                                                Rua Street Name               00000casa           City Name           26256100RJ01                
3410001300001A7000180982131451212312341235 Any Name                      8939849328          15092018BRL000000010000000000000000010000                    00000000000000000000000                                                    0          
3410001300001B   100012345678901Street Name                   00000Complement     neighborhood   City Name           12345123SI15092018000000000010000000000000000000000000000000000000000000000000000000000000000123456         000000000000000
34100015         000003000000000000010000000000000010000000000001                                                                                                                                                                               
34199999         000001000005000000                                                                                                                                                                                                             
