34100000         2082615450001634352846904509868554007352100000000486851SyLabs                        Banco SA                                20903201815141700123410300002                                                                     
34100011C0504046 2082615450001634352846904509868554007352100000000486851SyLabs                                                                Rua Luis Tomás                00455casa           Nova Iguaçu         26256100RJ01                
3410001300001A70012309821314512123123412351Any Name                      8939849328          15032018BRL00000005005000000000005005000051641984618         15032018000000050050000                                        019087 01   0          
3410001300002A70012309821314512123123412351Any Name                      8939849328          15032018BRL00000005000000000000005000000051641984618         15032018000000050000000                                        019087 01   0          
34100015         000002000000000050050000000000000000000001000001                                                                                                                                                                               
34100021C0504046 2082615450001634352846904509868554007352100000000486851SyLabs                                                                Rua Luis Tomás                00455casa           Nova Iguaçu         26256100RJ01                
3410002300001A70012309821314512123123412351Any Name                      8939849328          15032018BRL00000005000000000000005000000051641984618         15032018000000050000000                                        019087 01   0          
34100025         000001000000000050000000000000000000000001000001                                                                                                                                                                               
34199999         000002000003000001                                                                                                                                                                                                             
