34100000         2082615450001634352846904509868554007352100000000486851SyLabs                        Banco SA                                10903201815141700000210306250                                                                     
34100011C9801046 2082615450001634352846904509868554007352100000000486851SyLabs                                                                Rua Street Name               00000casa           City Name           26256100RJ01                
3410001300001A70012309821314512123123412351Any Name                      8939849328          15032018BRL000000050050000000000000050050                    00000000000000000000000                                                    0          
3410001300002A70012309821314512123123412351Any Name                      8939849328          15032018BRL000000050000000000000000050000                    00000000000000000000000                                                    0          
34100015         000002000000000000050050000000000000100000000001                                                                                                                                                                     010203AAAB
34100021C9801046 2082615450001634352846904509868554007352100000000486851SyLabs                                                                Rua Street Name               00000casa           City Name           26256100RJ01                
3410002300001A70012309821314512123123412351Any Name                      8939849328          15032018BRL000000050000000000000000050000                    00000000000000000000000                                                    0          
34100025         000001000000000000050000000000000000100000000001                                                                                                                                                                               
34199999         000002000003000000                                                                                                                                                                                                             
