34100000         2082615450001634352846904509868554007352100000000486851SyLabs                        Banco SA                                20903201815141700000110306250                                                                     
34100011G0770010 2082615450001634352846904509868554007352100000000486851SyLabs                        SDS150825                               09032018000000000050000050CFBRL00001                                                              
34100012G0770010                                                                                      DPV150825                               09032018000000000050000050C                                                                       
34100012G0770010                                                                                      SCR150825                               09032018000000000000000000C                                                                       
34100012G0770010                                                                                      SSR150825                               09032018000000000000000000C                                                                       
3410001300001F                                                                                        151002DPV00                     1803201818032018000000000000500000E2021                             1                                     
34100014G0770010                                                                                      DPV150825                               09032018000000000050500050C                                                                       
34100014G0770010                                                                                      SCR150825                               09032018000000000000000000C                                                                       
34100014G0770010                                                                                      SSR150825                               09032018000000000000000000C                                                                       
34100015G0770010 2082615450001634352846904509868554007352100000000486851SyLabs                        SDS150825             00000000000000000010032018000000000050500050CFBRL000011                                                             
34199999         000001000005000000                                                                                                                                                                                                             
